\usepackage{url}
\bibliographystyle{unsrturl} 

@ARTICLE{5688208,
author={Despeisse, M. and Powolny, F. and Jarron, P. and Lapington, J.},
journal={Nuclear Science, IEEE Transactions on},
title={Multi-Channel Amplifier-Discriminator for Highly Time-Resolved Detection},
year={2011},
month={Feb},
volume={58},
number={1},
pages={202-208},
keywords={CMOS integrated circuits;amplifiers;calibration;high energy physics instrumentation computing;photodetectors;positron emission tomography;readout electronics;solid-state nuclear track detectors;CMOS technology;Irpics circuit;LVDS;Nino architecture;PET;TOF;calibration procedure;highly time-resolved detection systems;input signal charge;low-voltage differential signals;multichannel amplifier-discriminator;positron emission tomography;pulse leading edge;read-out architecture;solid-state photodetectors;time of flight systems;time-over-threshold approach;time-resolved readout;time-resolved spectroscopy;vacuum technologies;very low intrinsic time jitter;CMOS circuits;detector instrumentation;fluorescence spectroscopy;high energy physics instrumentation;photo-detectors},
doi={10.1109/TNS.2010.2100409},
ISSN={0018-9499}
}


@article{Marano20131,
title = "Improved \{SPICE\} electrical model of silicon photomultipliers ",
journal = "Nuclear Instruments and Methods in Physics Research Section A: Accelerators, Spectrometers, Detectors and Associated Equipment ",
volume = "726",
number = "0",
pages = "1 - 7",
year = "2013",
note = "",
issn = "0168-9002",
doi = "http://dx.doi.org/10.1016/j.nima.2013.05.127",
url = "http://www.sciencedirect.com/science/article/pii/S0168900213007389",
author = "D. Marano and G. Bonanno and M. Belluso and S. Billotta and A. Grillo and S. Garozzo and G. Romeo and O. Catalano and G. La Rosa and G. Sottile and D. Impiombato and S. Giarrusso",
keywords = "Electrical models",
keywords = "Equivalent circuits",
keywords = "Output pulses",
keywords = "Silicon photomultipliers",
keywords = "Transient waveforms "
}

@article{1748-0221-5-03-T03011,
  author={CMS Collaboration},
  title={Time reconstruction and performance of the CMS electromagnetic calorimeter},
  journal={Journal of Instrumentation},
  volume={5},
  number={03},
  pages={T03011},
  url={http://stacks.iop.org/1748-0221/5/i=03/a=T03011},
  year={2010},
  abstract={The resolution and the linearity of time measurements made with the CMS electromagnetic calorimeter are studied with samples of data from test beam electrons, cosmic rays, and beam-produced muons. The resulting time resolution measured by lead tungstate crystals is better than 100 ps for energy deposits larger than 10 GeV. Crystal-to-crystal synchronization with a precision of 500 ps is performed using muons produced with the first LHC beams in 2008.}
}

@manual{Hamamatsu_s12572,
title = "MPPC (multi-pixel photon counter) S12572-025, -050,-100C/P",
author = "HAMAMATSU PHOTONICS K.K.",
url = "http://www.hamamatsu.com/resources/pdf/ssd/s12572-025_etc_kapd1043e.pdf",
year = "2013 (accessed July, 2015)"
}

@manual{ref:cosmic_calibration,
title = "Muon Calibration, First Release",
author = "D. Saunders",
year = 2015,
url = "http://indico.iihe.ac.be/indico/getFile.py/access?contribId=0&resId=0&materialId=slides&confId=760"
}
